<collection xmlns="http://www.loc.gov/MARC21/slim"><record><leader>01102nam  2200277   450</leader><controlfield tag="001">372</controlfield><controlfield tag="003">http://montalegre.opacnet.com/OPAC/default.aspx?ContentAreaControl=ShowRegHoldings.ascx&amp;RegNo=16662</controlfield><datafield tag="095" ind1=" " ind2=" "><subfield code="a">PTBN00431536</subfield></datafield><datafield tag="100" ind1=" " ind2=" "><subfield code="a">20061013d1971    m  y0pory010305  ba</subfield></datafield><datafield tag="101" ind1="1" ind2=" "><subfield code="a">por</subfield><subfield code="c">eng</subfield></datafield><datafield tag="102" ind1=" " ind2=" "><subfield code="a">PT</subfield></datafield><datafield tag="200" ind1="1" ind2=" "><subfield code="a">&lt;Os &gt;novos forsyte</subfield><subfield code="f">John Glasworthy</subfield><subfield code="g">trad. Maria Ondina</subfield></datafield><datafield tag="210" ind1=" " ind2=" "><subfield code="a">Lisboa</subfield><subfield code="c">Livros do Brasil</subfield><subfield code="d">[D.L. 1971]</subfield></datafield><datafield tag="215" ind1=" " ind2=" "><subfield code="a">v</subfield><subfield code="d">22 cm</subfield></datafield><datafield tag="225" ind1="2" ind2=" "><subfield code="a">Dois mundos</subfield></datafield><datafield tag="327" ind1="0" ind2=" "><subfield code="a">1º v. : 313, [3] p. - (Dois mundos ; 109) ;</subfield><subfield code="a">2º v. : A colher de prata. - (Dois mundos ; 109 A) ;</subfield><subfield code="a">3º v. : O canto do cisne. - 331, [2] p. - (Dois mundos ; 109 A)</subfield></datafield><datafield tag="675" ind1=" " ind2=" "><subfield code="a">821</subfield><subfield code="v">BN</subfield><subfield code="z">por</subfield></datafield><datafield tag="700" ind1=" " ind2="1"><subfield code="a">Glasworthy</subfield><subfield code="b">John</subfield></datafield><datafield tag="702" ind1=" " ind2="1"><subfield code="a">Braga</subfield><subfield code="b">Maria Ondina</subfield><subfield code="f">1932-2003</subfield><subfield code="4">730</subfield></datafield><datafield tag="801" ind1=" " ind2="0"><subfield code="a">PT</subfield><subfield code="b">Biblioteca Municipal de Montalegre</subfield><subfield code="g">RPC</subfield></datafield><datafield tag="856" ind1=" " ind2=" "><subfield code="u">locateMedia.asp?cod=20060512112630&amp;ext=jpg</subfield><subfield code="z">CAPA</subfield></datafield><datafield tag="909" ind1="&#9;" ind2=" "><subfield code="a">6</subfield></datafield><datafield tag="966" ind1=" " ind2=" "><subfield code="a">0008533</subfield><subfield code="l">BMM</subfield><subfield code="s">SCG 821 GAL nov 109</subfield></datafield><datafield tag="966" ind1=" " ind2=" "><subfield code="a">0008537</subfield><subfield code="l">BMM</subfield><subfield code="s">SCG 821 GAL nov 109</subfield></datafield><datafield tag="966" ind1=" " ind2=" "><subfield code="a">0008535</subfield><subfield code="l">BMM</subfield><subfield code="s">SCG 821 GAL nov 109-A</subfield></datafield><datafield tag="966" ind1=" " ind2=" "><subfield code="a">0008536</subfield><subfield code="l">BMM</subfield><subfield code="s">SCG 821 GAL nov 109-A</subfield></datafield><datafield tag="966" ind1=" " ind2=" "><subfield code="a">0008534</subfield><subfield code="l">BMM</subfield><subfield code="s">SCG 821 GAL nov 109-B</subfield></datafield><datafield tag="966" ind1=" " ind2=" "><subfield code="a">0008538</subfield><subfield code="l">BMM</subfield><subfield code="s">SCG 821 GAL nov 109-B</subfield></datafield></record></collection>